<?xml version="1.0"?>
<marc:collection xmlns:marc="http://www.loc.gov/MARC21/slim" xmlns:xsi="http://www.w3.org/2001/XMLSchema-instance" xsi:schemaLocation="http://www.loc.gov/MARC21/slim http://www.loc.gov/standards/marcxml/schema/MARC21slim.xsd">
   <marc:record type="Bibliographic">
      <marc:leader>01360cam a2200301   4500</marc:leader>
      <marc:controlfield tag="001">2759123</marc:controlfield>
      <marc:controlfield tag="003">NjP</marc:controlfield>
      <marc:controlfield tag="005">20140221101310.0</marc:controlfield>
      <marc:controlfield tag="008">900823q19601966su            000 0 ararc</marc:controlfield>
      <marc:datafield tag="024" ind1="7" ind2=" ">
         <marc:subfield code="a">princeton_aco000058</marc:subfield>
         <marc:subfield code="2">local</marc:subfield>
      </marc:datafield>
      <marc:datafield tag="010" ind1=" " ind2=" ">
         <marc:subfield code="a">ne 66001596 </marc:subfield>
      </marc:datafield>
      <marc:datafield tag="035" ind1=" " ind2=" ">
         <marc:subfield code="a">(OCoLC)ocn178273699</marc:subfield>
      </marc:datafield>
      <marc:datafield tag="035" ind1=" " ind2=" ">
         <marc:subfield code="a">(OCoLC)ocm22268314</marc:subfield>
      </marc:datafield>
      <marc:datafield tag="040" ind1=" " ind2=" ">
         <marc:subfield code="a">Princeton Univ. Lib.</marc:subfield>
         <marc:subfield code="c">PUL</marc:subfield>
         <marc:subfield code="d">PUL</marc:subfield>
      </marc:datafield>
      <marc:datafield tag="035" ind1=" " ind2=" ">
         <marc:subfield code="a">(OCoLC)178273699</marc:subfield>
      </marc:datafield>
      <marc:datafield tag="035" ind1=" " ind2=" ">
         <marc:subfield code="9">CNF3302TS</marc:subfield>
      </marc:datafield>
      <marc:datafield tag="035" ind1=" " ind2=" ">
         <marc:subfield code="a">(NjP)2759123</marc:subfield>
      </marc:datafield>
      <marc:datafield tag="079" ind1=" " ind2=" ">
         <marc:subfield code="a">ocm22268314</marc:subfield>
      </marc:datafield>
      <marc:datafield tag="049" ind1=" " ind2=" ">
         <marc:subfield code="a">PULL</marc:subfield>
      </marc:datafield>
      <marc:datafield tag="100" ind1="1" ind2=" ">
         <marc:subfield code="6">880-01</marc:subfield>
         <marc:subfield code="a">Sulami&#x304;, &#x2BB;Izz al-Di&#x304;n &#x2BB;Abd al-&#x2BB;Azi&#x304;z ibn &#x2BB;Abd al-Sala&#x304;m,</marc:subfield>
         <marc:subfield code="d">approximately 1182-1262.</marc:subfield>
      </marc:datafield>
      <marc:datafield tag="245" ind1="1" ind2="0">
         <marc:subfield code="6">880-02</marc:subfield>
         <marc:subfield code="a">Kita&#x304;b al-isha&#x304;rah ila&#x301; al-i&#x304;ja&#x304;z fi&#x304; ba&#x2BB;d&#x323; anwa&#x323;&#x2BB; al-maja&#x323;z,</marc:subfield>
         <marc:subfield code="c">ta&#x2BC;li&#x304;f Abi&#x304; Muh&#x323;ammad &#x2BB;Izz al-Di&#x304;n &#x2BB;Abd al-&#x2BB;Azi&#x304;z ibn &#x2BB;Abd al-Sala&#x304;m.</marc:subfield>
      </marc:datafield>
      <marc:datafield tag="260" ind1=" " ind2=" ">
         <marc:subfield code="6">880-03</marc:subfield>
         <marc:subfield code="a">al-Madi&#x304;nah al-Munawwarah,</marc:subfield>
         <marc:subfield code="b">al-Maktabah al-&#x2BB;Ilmi&#x304;yah</marc:subfield>
         <marc:subfield code="c">[196-?]</marc:subfield>
      </marc:datafield>
      <marc:datafield tag="300" ind1=" " ind2=" ">
         <marc:subfield code="a">296 p.</marc:subfield>
         <marc:subfield code="c">24 cm.</marc:subfield>
      </marc:datafield>
      <marc:datafield tag="630" ind1="0" ind2="0">
         <marc:subfield code="a">Qur&#x2BC;an</marc:subfield>
         <marc:subfield code="x">Language, style.</marc:subfield>
      </marc:datafield>
      <marc:datafield tag="880" ind1="1" ind2=" ">
         <marc:subfield code="6">100-01/r</marc:subfield>
         <marc:subfield code="a">&#x633;&#x644;&#x645;&#x64A;&#x60C; &#x639;&#x632; &#x627;&#x644;&#x62F;&#x64A;&#x646; &#x639;&#x628;&#x62F; &#x627;&#x644;&#x639;&#x632;&#x64A;&#x632; &#x628;&#x646; &#x639;&#x628;&#x62F; &#x627;&#x644;&#x633;&#x644;&#x627;&#x645;&#x60C;</marc:subfield>
         <marc:subfield code="d">approximately 1182-1262.</marc:subfield>
      </marc:datafield>
      <marc:datafield tag="880" ind1="1" ind2="0">
         <marc:subfield code="6">245-02/r</marc:subfield>
         <marc:subfield code="a">&#x643;&#x62A;&#x627;&#x628; &#x627;&#x644;&#x627;&#x634;&#x627;&#x631;&#x629; &#x627;&#x644;&#x649; &#x627;&#x644;&#x627;&#x62C;&#x627;&#x632; &#x641;&#x64A; &#x628;&#x639;&#x636; &#x627;&#x646;&#x648;&#x639; &#x627;&#x644;&#x645;&#x62C;&#x632;&#x60C;</marc:subfield>
         <marc:subfield code="c">&#x62A;&#x623;&#x644;&#x64A;&#x641; &#x627;&#x628;&#x64A; &#x645;&#x62D;&#x645;&#x62F; &#x639;&#x632; &#x627;&#x644;&#x62F;&#x64A;&#x646; &#x639;&#x628;&#x62F; &#x627;&#x644;&#x639;&#x632;&#x64A;&#x632; &#x628;&#x646; &#x639;&#x628;&#x62F; &#x627;&#x644;&#x633;&#x644;&#x627;&#x645;.</marc:subfield>
      </marc:datafield>
      <marc:datafield tag="880" ind1=" " ind2=" ">
         <marc:subfield code="6">260-03/r</marc:subfield>
         <marc:subfield code="a">&#x627;&#x644;&#x645;&#x62F;&#x64A;&#x646;&#x629; &#x627;&#x644;&#x645;&#x646;&#x648;&#x631;&#x629;&#x60C;</marc:subfield>
         <marc:subfield code="b">&#x627;&#x644;&#x645;&#x643;&#x62A;&#x628;&#x629; &#x627;&#x644;&#x639;&#x644;&#x645;&#x64A;&#x629;</marc:subfield>
         <marc:subfield code="c">[196-?]</marc:subfield>
      </marc:datafield>
      <marc:datafield tag="911" ind1=" " ind2=" ">
         <marc:subfield code="a">20000130</marc:subfield>
      </marc:datafield>
      <marc:datafield tag="994" ind1=" " ind2=" ">
         <marc:subfield code="a">C0</marc:subfield>
         <marc:subfield code="b">PUL</marc:subfield>
      </marc:datafield>
      <marc:datafield tag="999" ind1=" " ind2=" ">
         <marc:subfield code="a">2759123</marc:subfield>
      </marc:datafield>
   </marc:record>
</marc:collection>
